<record><leader>00000cas a22000007a 4500</leader><controlfield tag="001">32888187</controlfield><controlfield tag="008">950728d18uu1uuumauuu ne      0    0eng d</controlfield><datafield ind1=" " ind2=" " tag="010"><subfield code="a">sn 94051250 </subfield></datafield><datafield ind1=" " ind2=" " tag="040"><subfield code="a">CNK</subfield><subfield code="b">eng</subfield><subfield code="c">CNK</subfield><subfield code="d">OCL</subfield><subfield code="d">OCLCQ</subfield><subfield code="d">OCLCF</subfield><subfield code="d">OCLCO</subfield></datafield><datafield ind1=" " ind2=" " tag="042"><subfield code="a">msc</subfield></datafield><datafield ind1=" " ind2=" " tag="043"><subfield code="a">n-us-ma</subfield></datafield><datafield ind1="0" ind2="0" tag="245"><subfield code="a">Eastern amateur journal.</subfield></datafield><datafield ind1=" " ind2=" " tag="260"><subfield code="a">Waltham, Mass. :</subfield><subfield code="b">H.I. Hancock</subfield></datafield><datafield ind1=" " ind2=" " tag="300"><subfield code="a">v.</subfield></datafield><datafield ind1=" " ind2=" " tag="500"><subfield code="a">"Official organ of the Eastern Amateur Press Association."</subfield></datafield><datafield ind1=" " ind2=" " tag="588"><subfield code="a">Description based on: Mar. 1884.</subfield></datafield><datafield ind1=" " ind2="0" tag="650"><subfield code="a">Amateur journalism</subfield><subfield code="v">Newspapers.</subfield></datafield><datafield ind1=" " ind2="0" tag="651"><subfield code="a">Waltham (Mass.)</subfield><subfield code="v">Newspapers.</subfield></datafield><datafield ind1=" " ind2="7" tag="655"><subfield code="a">Newspapers.</subfield><subfield code="2">fast</subfield><subfield code="0">(OCoLC)fst01423814</subfield></datafield><datafield ind1=" " ind2="7" tag="650"><subfield code="a">Amateur journalism.</subfield><subfield code="2">fast</subfield><subfield code="0">(OCoLC)fst00806670</subfield></datafield><datafield ind1=" " ind2="7" tag="651"><subfield code="a">Massachusetts</subfield><subfield code="z">Waltham.</subfield><subfield code="2">fast</subfield><subfield code="0">(OCoLC)fst01207979</subfield></datafield><datafield ind1=" " ind2=" " tag="752"><subfield code="a">United States</subfield><subfield code="b">Massachusetts</subfield><subfield code="c">Middlesex</subfield><subfield code="d">Waltham.</subfield></datafield></record>